
@article{huizinga2008capital,
  title={Capital structure and international debt shifting},
  author={Huizinga, Harry and Laeven, Luc and Nicodeme, Gaetan},
  journal={Journal of Financial Economics},
  volume={88},
  number={1},
  pages={80--118},
  year={2008},
  publisher={Elsevier}
}

@article{ayyagari2017credit,
	title={Credit growth and macroprudential policies: preliminary evidence on the firm level},
	author={Ayyagari, Meghana and Beck, Thorsten and Martinez Peria, Maria Soledad},
	journal={BIS Papers No. 91},
	pages={15--34},
	year={2017}
}

@article{buch2017international,
	title={International Prudential Policy Spillovers: Evidence from the International Banking Research Network},
	author={Buch, Claudia M and Bussiere, Matthieu and Goldberg, Linda and others},
	journal={International Journal of Central Banking},
	volume={13},
	number={2},
	pages={1--4},
	year={2017},
	publisher={International Journal of Central Banking}
}

@article{zdzienicka2015effects,
	title={Effects of monetary and macroprudential policies on financial conditions: evidence from the United States},
	author={Zdzienicka, Aleksandra and Chen, Sally and Kalan, Federico Diaz and Laseen, Stefan and Svirydzenka, Katsiaryna},
	year={2015}
}

@article{jimenez2017macroprudential,
	title={Macroprudential policy, countercyclical bank capital buffers, and credit supply: evidence from the Spanish dynamic provisioning experiments},
	author={Jim{\'e}nez, Gabriel and Ongena, Steven and Peydr{\'o}, Jos{\'e}-Luis and Saurina, Jes{\'u}s},
	journal={Journal of Political Economy},
	volume={125},
	number={6},
	pages={2126--2177},
	year={2017},
	publisher={University of Chicago Press Chicago, IL}
}

@article{jimenez2012macroprudential,
	title={Macroprudential policy, countercyclical bank capital buffers and credit supply: Evidence from the Spanish dynamic provisioning experiments},
	author={Jim{\'e}nez, Gabriel and Ongena, Steven and Peydr{\'o}, Jos{\'e}-Luis and Saurina Salas, Jesus},
	year={2012}
}

@article{beck2004bank,
	title={Bank competition and access to finance: International evidence},
	author={Beck, Thorsten and Demirg{\"u}{\c{c}}-Kunt, Asli and Maksimovic, Vojislav},
	journal={Journal of Money, Credit and Banking},
	pages={627--648},
	year={2004},
	publisher={JSTOR}
}

@article{demirgucc1998law,
	title={Law, finance, and firm growth},
	author={Demirg{\"u}{\c{c}}-Kunt, Asli and Maksimovic, Vojislav},
	journal={The Journal of Finance},
	volume={53},
	number={6},
	pages={2107--2137},
	year={1998},
	publisher={Wiley Online Library}
}

@book{cerutti2016changes,
	title={Changes in prudential policy instruments—a new cross-country database},
	author={Cerutti, Mr Eugenio M and Correa, Mr Ricardo and Fiorentino, Elisabetta and Segalla, Esther},
	year={2016},
	publisher={International Monetary Fund}
}

@article{anginer2014does,
	title={How does deposit insurance affect bank risk? Evidence from the recent crisis},
	author={Anginer, Deniz and Demirguc-Kunt, Asli and Zhu, Min},
	journal={Journal of Banking \& finance},
	volume={48},
	pages={312--321},
	year={2014},
	publisher={Elsevier}
}

@article{epure2017household,
	title={Household Credit, Global Financial Cycle, and Macroprudential Policies: Credit Register Evidence from an Emerging Country},
	author={Epure, Mircea and Mihai, Irina and Minoiu, Camelia and Peydr{\'o}, Jos{\'e}-Luis},
	year={2017}
}

@article{barth2004bank,
	title={Bank regulation and supervision: what works best?},
	author={Barth, James R and Caprio Jr, Gerard and Levine, Ross},
	journal={Journal of Financial intermediation},
	volume={13},
	number={2},
	pages={205--248},
	year={2004},
	publisher={Elsevier}
}

@book{barth2001regulation,
	title={The regulation and supervision of banks around the world: A new database},
	author={Barth, James R and Caprio, Gerard and Levine, Ross},
	volume={2588},
	year={2001},
	publisher={World Bank Publications}
}

@article{barth2008bank,
	title={Bank regulations are changing: for better or worse?},
	author={Barth, James R and Caprio, Gerard and Levine, Ross},
	journal={Comparative Economic Studies},
	volume={50},
	number={4},
	pages={537--563},
	year={2008},
	publisher={Springer}
}

@article{barth2013bank,
	title={Bank Regulation and Supervision in 180 Countries from 1999 to 2011},
	author={Barth, James R and Caprio Jr, Gerard and Levine, Ross},
	journal={Journal of Financial Economic Policy},
	volume={5},
	number={2},
	pages={111--219},
	year={2013},
	publisher={Emerald Group Publishing Limited}
}

@article{barth2013,
	title={Do bank regulation, supervision and monitoring enhance or impede bank efficiency?},
	author={Barth, James R and Lin, Chen and Ma, Yue and Seade, Jes{\'u}s and Song, Frank M},
	journal={Journal of Banking \& Finance},
	volume={37},
	number={8},
	pages={2879--2892},
	year={2013},
	publisher={Elsevier}
}

@article{blinder2017necessity,
	title={Necessity as the mother of invention: Monetary policy after the crisis},
	author={Blinder, Alan and Ehrmann, Michael and De Haan, Jakob and Jansen, David-Jan},
	journal={Economic Policy},
	volume={32},
	number={92},
	pages={707--755},
	year={2017},
	publisher={Oxford University Press}
}

@article{burgman1996empirical,
	title={An empirical examination of multinational corporate capital structure},
	author={Burgman, Todd A},
	journal={Journal of international business studies},
	volume={27},
	number={3},
	pages={553--570},
	year={1996},
	publisher={Springer}
}

@article{caprio2014macro,
	title={Macro-financial determinants of the great financial crisis: Implications for financial regulation},
	author={Caprio Jr, Gerard and D’Apice, Vincenzo and Ferri, Giovanni and Puopolo, Giovanni Walter},
	journal={Journal of Banking \& Finance},
	volume={44},
	pages={114--129},
	year={2014},
	publisher={Elsevier}
}

@article{cerutti2017use,
	title={The use and effectiveness of macroprudential policies: New evidence},
	author={Cerutti, Eugenio and Claessens, Stijn and Laeven, Luc},
	journal={Journal of Financial Stability},
	volume={28},
	pages={203--224},
	year={2017},
	publisher={Elsevier}
}

@article{demirguc2013bank,
	title={Bank capital: Lessons from the financial crisis},
	author={Demirguc-Kunt, Asli and Detragiache, Enrica and Merrouche, Ouarda},
	journal={Journal of Money, Credit and Banking},
	volume={45},
	number={6},
	pages={1147--1164},
	year={2013},
	publisher={Wiley Online Library}
}

@article{demirgucc2002funding,
	title={Funding growth in bank-based and market-based financial systems: evidence from firm-level data},
	author={Demirg{\"u}{\c{c}}-Kunt, Asl{\i} and Maksimovic, Vojislav},
	journal={Journal of Financial Economics},
	volume={65},
	number={3},
	pages={337--363},
	year={2002},
	publisher={Elsevier}
}

@article{jimenez2012credit,
	title={Credit supply and monetary policy: Identifying the bank balance-sheet channel with loan applications},
	author={Jim{\'e}nez, Gabriel and Ongena, Steven and Peydr{\'o}, Jos{\'e}-Luis and Saurina, Jes{\'u}s},
	journal={American Economic Review},
	volume={102},
	number={5},
	pages={2301--26},
	year={2012}
}

@article{kesternich2010afraid,
	title={Who is afraid of political risk? Multinational firms and their choice of capital structure},
	author={Kesternich, Iris and Schnitzer, Monika},
	journal={Journal of International Economics},
	volume={82},
	number={2},
	pages={208--218},
	year={2010},
	publisher={Elsevier}
}

@article{oztekin2015capital,
	title={Capital structure decisions around the world: which factors are reliably important?},
	author={{\"O}ztekin, {\"O}zde},
	journal={Journal of Financial and Quantitative Analysis},
	volume={50},
	number={3},
	pages={301--323},
	year={2015},
	publisher={Cambridge University Press}
}

@article{titman1988determinants,
	title={The determinants of capital structure choice},
	author={Titman, Sheridan and Wessels, Roberto},
	journal={The Journal of finance},
	volume={43},
	number={1},
	pages={1--19},
	year={1988},
	publisher={Wiley Online Library}
}

@article{amore2013credit,
	title={Credit supply and corporate innovation},
	author={Amore, Mario Daniele and Schneider, Cedric and {\v{Z}}aldokas, Alminas},
	journal={Journal of Financial Economics},
	volume={109},
	number={3},
	pages={835--855},
	year={2013},
	publisher={Elsevier}
}

@article{leary2009bank,
	title={Bank loan supply, lender choice, and corporate capital structure},
	author={Leary, Mark T},
	journal={The Journal of Finance},
	volume={64},
	number={3},
	pages={1143--1185},
	year={2009},
	publisher={Wiley Online Library}
}

@article{faulkender2016taxes,
	title={Taxes and leverage at multinational corporations},
	author={Faulkender, Michael and Smith, Jason M},
	journal={Journal of Financial Economics},
	volume={122},
	number={1},
	pages={1--20},
	year={2016},
	publisher={Elsevier}
}

@article{rajan1995we,
	title={What do we know about capital structure? Some evidence from international data},
	author={Rajan, Raghuram G and Zingales, Luigi},
	journal={The journal of Finance},
	volume={50},
	number={5},
	pages={1421--1460},
	year={1995},
	publisher={Wiley Online Library}
}

@article{luciano2014guarantees,
	title={Guarantees, leverage, and taxes},
	author={Luciano, Elisa and Nicodano, Giovanna},
	journal={The Review of Financial Studies},
	volume={27},
	number={9},
	pages={2736--2772},
	year={2014},
	publisher={Oxford University Press}
}